@article{Goldberg2014word2vecED,
  title={word2vec Explained: deriving Mikolov et al.'s negative-sampling word-embedding method},
  author={Yoav Goldberg and Omer Levy},
  journal={ArXiv},
  year={2014},
  volume={abs/1402.3722}
}

@inproceedings{Levy2014Factorization,
 author = {Levy, Omer and Goldberg, Yoav},
 booktitle = {Advances in Neural Information Processing Systems},
 editor = {Z. Ghahramani and M. Welling and C. Cortes and N. Lawrence and K.Q. Weinberger},
 pages = {},
 publisher = {Curran Associates, Inc.},
 title = {Neural Word Embedding as Implicit Matrix Factorization},
 url = {https://proceedings.neurips.cc/paper_files/paper/2014/file/feab05aa91085b7a8012516bc3533958-Paper.pdf},
 volume = {27},
 year = {2014}
}